% Articles

@article{Eng1994,
    author  = {Jimmy K. Eng and Ashley L. McCormack and John R. Yates},
    title   = {An approach to correlate tandem mass spectral data of peptides with amino acid sequences in a protein database},
    journal = {Journal of the American Society for Mass Spectrometry},
    year    = {1994}
}

@article{Craig2004,
	doi = {10.1093/bioinformatics/bth092},
	url = {https://doi.org/10.1093/bioinformatics/bth092},
	year = {2004},
	month = feb,
	publisher = {Oxford University Press ({OUP})},
	volume = {20},
	number = {9},
	pages = {1466--1467},
	author = {R. Craig and R. C. Beavis},
	title = {{TANDEM}: matching proteins with tandem mass spectra},
	journal = {Bioinformatics}
}

@article{Kll2007,
	doi = {10.1038/nmeth1113},
	url = {https://doi.org/10.1038/nmeth1113},
	year = {2007},
	month = oct,
	publisher = {Springer Science and Business Media {LLC}},
	volume = {4},
	number = {11},
	pages = {923--925},
	author = {Lukas K\"{a}ll and Jesse D Canterbury and Jason Weston and William Stafford Noble and Michael J MacCoss},
	title = {Semi-supervised learning for peptide identification from shotgun proteomics datasets},
	journal = {Nature Methods}
}

@article{Granholm2012,
	doi = {10.1186/1471-2105-13-s16-s3},
	url = {https://doi.org/10.1186/1471-2105-13-s16-s3},
	year = {2012},
	publisher = {Springer Science and Business Media {LLC}},
	volume = {13},
	number = {Suppl 16},
	pages = {S3},
	author = {Viktor Granholm and William Noble and Lukas K\"{a}ll},
	title = {A cross-validation scheme for machine learning algorithms in shotgun proteomics},
	journal = {{BMC} Bioinformatics}
}

@article{Peng2003,
	doi = {10.1021/pr025556v},
	url = {https://doi.org/10.1021/pr025556v},
	year = {2003},
	month = feb,
	publisher = {American Chemical Society ({ACS})},
	volume = {2},
	number = {1},
	pages = {43--50},
	author = {Junmin Peng and Joshua E. Elias and Carson C. Thoreen and Larry J. Licklider and Steven P. Gygi},
	title = {Evaluation of Multidimensional Chromatography Coupled with Tandem Mass Spectrometry ({LC}/{LC}-{MS}/{MS}) for Large-Scale Protein Analysis:~ The Yeast Proteome},
	journal = {Journal of Proteome Research}
}

@article{Moore2002,
	doi = {10.1016/s1044-0305(02)00352-5},
	url = {https://doi.org/10.1016/s1044-0305(02)00352-5},
	year = {2002},
	month = apr,
	publisher = {American Chemical Society ({ACS})},
	volume = {13},
	number = {4},
	pages = {378--386},
	author = {Roger E. Moore and Mary K. Young and Terry D. Lee},
	title = {Qscore: An algorithm for evaluating {SEQUEST} database search results},
	journal = {Journal of the American Society for Mass Spectrometry}
}

@article{Sachsenberg2017,
	author  = {Timo Sachsenberg},
	title   = {Computational Methods for Mass Spectrometry-based Study
	of Protein-RNA or Protein-DNA Complexes
	and Quantitative Metaproteomics},
	year    = {2017},
	url = {http://hdl.handle.net/10900/83311},
	publisher = {TÃ¼bingen}
}

@article{Angel2012,
	doi = {10.1039/c2cs15331a},
	url = {https://doi.org/10.1039/c2cs15331a},
	year = {2012},
	publisher = {Royal Society of Chemistry ({RSC})},
	volume = {41},
	number = {10},
	pages = {3912},
	author = {Thomas E. Angel and Uma K. Aryal and Shawna M. Hengel and Erin S. Baker and Ryan T. Kelly and Errol W. Robinson and Richard D. Smith},
	title = {Mass spectrometry-based proteomics: existing capabilities and future directions},
	journal = {Chemical Society Reviews}
}

@article{Han2008,
	doi = {10.1016/j.cbpa.2008.07.024},
	url = {https://doi.org/10.1016/j.cbpa.2008.07.024},
	year = {2008},
	month = oct,
	publisher = {Elsevier {BV}},
	volume = {12},
	number = {5},
	pages = {483--490},
	author = {Xuemei Han and Aaron Aslanian and John R Yates},
	title = {Mass spectrometry for proteomics},
	journal = {Current Opinion in Chemical Biology}
}

@article{Fawcett2006,
	doi = {10.1016/j.patrec.2005.10.010},
	url = {https://doi.org/10.1016/j.patrec.2005.10.010},
	year = {2006},
	month = jun,
	publisher = {Elsevier {BV}},
	volume = {27},
	number = {8},
	pages = {861--874},
	author = {Tom Fawcett},
	title = {An introduction to {ROC} analysis},
	journal = {Pattern Recognition Letters}
}

@article{Kim2014,
	doi = {10.1038/nature13302},
	url = {https://doi.org/10.1038/nature13302},
	year = {2014},
	month = may,
	publisher = {Springer Science and Business Media {LLC}},
	volume = {509},
	number = {7502},
	pages = {575--581},
	author = {Min-Sik Kim and Sneha M. Pinto and Derese Getnet and Raja Sekhar Nirujogi and Srikanth S. Manda and Raghothama Chaerkady and Anil K. Madugundu and Dhanashree S. Kelkar and Ruth Isserlin and Shobhit Jain and Joji K. Thomas and Babylakshmi Muthusamy and Pamela Leal-Rojas and Praveen Kumar and Nandini A. Sahasrabuddhe and Lavanya Balakrishnan and Jayshree Advani and Bijesh George and Santosh Renuse and Lakshmi Dhevi N. Selvan and Arun H. Patil and Vishalakshi Nanjappa and Aneesha Radhakrishnan and Samarjeet Prasad and Tejaswini Subbannayya and Rajesh Raju and Manish Kumar and Sreelakshmi K. Sreenivasamurthy and Arivusudar Marimuthu and Gajanan J. Sathe and Sandip Chavan and Keshava K. Datta and Yashwanth Subbannayya and Apeksha Sahu and Soujanya D. Yelamanchi and Savita Jayaram and Pavithra Rajagopalan and Jyoti Sharma and Krishna R. Murthy and Nazia Syed and Renu Goel and Aafaque A. Khan and Sartaj Ahmad and Gourav Dey and Keshav Mudgal and Aditi Chatterjee and Tai-Chung Huang and Jun Zhong and Xinyan Wu and Patrick G. Shaw and Donald Freed and Muhammad S. Zahari and Kanchan K. Mukherjee and Subramanian Shankar and Anita Mahadevan and Henry Lam and Christopher J. Mitchell and Susarla Krishna Shankar and Parthasarathy Satishchandra and John T. Schroeder and Ravi Sirdeshmukh and Anirban Maitra and Steven D. Leach and Charles G. Drake and Marc K. Halushka and T. S. Keshava Prasad and Ralph H. Hruban and Candace L. Kerr and Gary D. Bader and Christine A. Iacobuzio-Donahue and Harsha Gowda and Akhilesh Pandey},
	title = {A draft map of the human proteome},
	journal = {Nature}
}

@article{Wilhelm2014,
	doi = {10.1038/nature13319},
	url = {https://doi.org/10.1038/nature13319},
	year = {2014},
	month = may,
	publisher = {Springer Science and Business Media {LLC}},
	volume = {509},
	number = {7502},
	pages = {582--587},
	author = {Mathias Wilhelm and Judith Schlegl and Hannes Hahne and Amin Moghaddas Gholami and Marcus Lieberenz and Mikhail M. Savitski and Emanuel Ziegler and Lars Butzmann and Siegfried Gessulat and Harald Marx and Toby Mathieson and Simone Lemeer and Karsten Schnatbaum and Ulf Reimer and Holger Wenschuh and Martin Mollenhauer and Julia Slotta-Huspenina and Joos-Hendrik Boese and Marcus Bantscheff and Anja Gerstmair and Franz Faerber and Bernhard Kuster},
	title = {Mass-spectrometry-based draft of the human proteome},
	journal = {Nature}
}

@article{Burns2009,
	doi = {10.1136/bmj.b158},
	url = {https://doi.org/10.1136/bmj.b158},
	year = {2009},
	month = feb,
	publisher = {{BMJ}},
	volume = {338},
	number = {feb05 1},
	pages = {b158--b158},
	author = {A. Burns and S. Iliffe},
	title = {Alzheimer's disease},
	journal = {{BMJ}}
}

@book{Bishop2006,
	author = {Christopher M. Bishop},
	title = {Pattern Recognition and
	Machine Learning},
	year = {2006},
	editora = {Michael Jordan},
	editorb = {Professor Jon Kleinberg},
	editorc = {Bernhard Sch\"olkopf},
	publisher = {Springer Science + Business Media, LLC},
	location = {USA},
	isbn = {978-0387-31073-2},
	chapter = {7},
	pages = {325 ff.}
}


@incollection{Aggarwal2016,
	doi = {10.1007/978-1-4939-3106-4_7},
	url = {https://doi.org/10.1007/978-1-4939-3106-4_7},
	year = {2016},
	publisher = {Springer New York},
	pages = {119--128},
	author = {Suruchi Aggarwal and Amit Kumar Yadav},
	title = {False Discovery Rate Estimation in Proteomics},
	booktitle = {Methods in Molecular Biology}
}

% Web references

@misc{cgl,
  title = {{KEGG genome} \emph{Corynebacterium glutamicum} ATCC 13032 (Kyowa Hakko), cgl},
  howpublished = {\url{https://identifiers.org/kegg.genome:cgl}},
  note = {Accessed: 2020-01-24}
}
